<record><leader>00000cas a22000007a 4500</leader><controlfield tag="001">15905391</controlfield><controlfield tag="008">870611d193u1943inuwr ne      0    0eng d</controlfield><datafield ind1=" " ind2=" " tag="010"><subfield code="a">sn 87055231 </subfield></datafield><datafield ind1=" " ind2=" " tag="040"><subfield code="a">NPI</subfield><subfield code="b">eng</subfield><subfield code="c">NPI</subfield><subfield code="d">OCLCQ</subfield></datafield><datafield ind1=" " ind2=" " tag="042"><subfield code="a">msc</subfield></datafield><datafield ind1="0" ind2="4" tag="245"><subfield code="a">The Tippecanoe County reporter.</subfield></datafield><datafield ind1=" " ind2=" " tag="260"><subfield code="a">Clarks Hill, Ind. :</subfield><subfield code="b">[s.n.]</subfield></datafield><datafield ind1=" " ind2=" " tag="310"><subfield code="a">Weekly</subfield></datafield><datafield ind1="1" ind2=" " tag="362"><subfield code="a">Ceased in 1943.</subfield></datafield><datafield ind1=" " ind2=" " tag="500"><subfield code="a">"Serving southeastern Tippecanoe County."</subfield></datafield><datafield ind1=" " ind2=" " tag="588"><subfield code="a">Description based on: Vol. 9, no. 6 (Oct. 4, 1940).</subfield></datafield><datafield ind1=" " ind2=" " tag="752"><subfield code="a">United States</subfield><subfield code="b">Indiana</subfield><subfield code="c">Tippecanoe</subfield><subfield code="d">Clarks Hill.</subfield></datafield><datafield ind1=" " ind2=" " tag="752"><subfield code="a">United States</subfield><subfield code="b">Indiana</subfield><subfield code="c">Tippecanoe.</subfield></datafield><datafield ind1="0" ind2="0" tag="780"><subfield code="t">Clarks Hill reporter</subfield><subfield code="w">(DLC)sn 87055230</subfield></datafield></record>